%Intro
@misc{ludwig_burger_2020, title={Exclusive: Bottlenecks? Glass vial makers prepare for COVID-19 vaccine}, url={https://www.reuters.com/article/us-health-coronavirus-schott-exclusive-idUSKBN23J0SN}, journal={Reuters}, author={Blamont, M and Burger, L}, year={2020}, note = "[Accessed 28th April 2021]" }

@article{shaw_lyall_1985, title={Hazards of glass ampoules.}, volume={291}, DOI={10.1136/bmj.291.6506.1390}, number={6506}, journal={BMJ}, author={Shaw, NJ and Lyall, EG}, year={1985}, pages={1390-1390}, }

@misc{john_erdner_2019, title={Advances in Vial Processing in Pharmaceutical Primary Packaging to Reduce Risk of Vial Damage and Particle Contamination - Pharmaceutical Processing World}, url={https://www.pharmaceuticalprocessingworld.com/advances-in-vial-processing-in-pharmaceutical-primary-packaging-to-reduce-risk-of-vial-damage-and-particle-contamination/}, note = "[Accessed 28th April 2021]" }


@misc{9029267,
  author       = {Karl√©n, S},
  keyword      = {Aseptic Production,Filling Lines,Optimisation},
  language     = {eng},
  note         = {Student Paper},
  title        = {Reduce Machine Stops To Limit Human Intervention In Aseptic Production},
  year         = {2020},
  url = {https://lup.lub.lu.se/student-papers/search/publication/9029267},
}


@misc{capa_2014, title={Corrective and Preventive Actions (CAPA)}, url={https://www.fda.gov/corrective-and-preventive-actions-capa}, journal={U.S. Food and Drug Administration}, year={2014}, note = "[Accessed 28th April 2021]"}



@TECHREPORT{bsi-capa,
  AUTHOR =        {},
  TITLE =         {Corrective and Preventive Action:
The Closed-Loop System},
  NUMBER =        {9.23.13},
  INSTITUTION =   {The British Standards Institution.},
  YEAR  =         {2013},
  PAGES =         {3},
  URL   =         {https://www.bsigroup.com/LocalFiles/en-US/Whitepapers/Quality%20Management/bsi-whitepaper-capa-closed-loop-system.pdf},
  note = "[Accessed 28th April 2021]"
}


@misc{miller_2018, title={The Impact of Industry 4.0 on Quality Management Systems}, url={https://www.pilgrimquality.com/blog/smart-quality-management-impact-industry/}, journal={Pilgrim}, author={Miller, K}, year={2018}, note = "[Accessed 28th April 2021]" }


%Crux
@misc{crux, 
  title={Crux Product Design}, 
  url={http://www.cruxproductdesign.com/},
  note = "[Accessed 28th April 2021]"
} 


%Deloitte sensors
@TECHREPORT{deloitte-sensor,
  AUTHOR =        {},
  TITLE =         {Industry 4.0: Challenges and solutions for the digital transformation and use of exponential technologies},
  INSTITUTION =   {Deloitte.},
  YEAR  =         {2015},
  URL   =         {https://www2.deloitte.com/content/dam/Deloitte/ch/Documents/manufacturing/ch-en-manufacturing-industry-4-0-24102014.pdf},
  note = "[Accessed 28th April 2021]"
}



%Photoelectric
@misc{photoelectric, author={Knutson, G}, title={Plant Engineering | Using photoelectric sensors on the production line}, url={https://www.plantengineering.com/articles/using-photoelectric-sensors-on-the-production-line/}, year={2008}, note = "[Accessed 28th April 2021]" }

%General RFID
@misc{rfid, author={Control Engineering Staff}, title={Control Engineering | RFID on the Production Line}, url={https://www.controleng.com/articles/rfid-on-the-production-line/}, year={2005}, note = "[Accessed 28th April 2021]" }

%RFID tracking
@article{brusey2009effective,
  title={Effective RFID-based object tracking for manufacturing},
  author={Brusey, J and McFarlane, DC},
  journal={International Journal of Computer Integrated Manufacturing},
  volume={22},
  number={7},
  pages={638--647},
  year={2009},
  publisher={Taylor \& Francis}
}

%Smartskin
@misc{smartskin,
  title={Reduce glass breakage, bruising, microfractures with SCHOTT \& Smartskin | SCHOTT AG}, 
  url={https://www.schott.com/pharma_consulting/english/smartskin/index.html?WTC=EN_Pharma-Consulting_Smartskin_First}, note = "[Accessed 28th April 2021]"
} 

%Image processing
@article{radu2014image,
author = {Ciora, R and Simion, C},
year = {2014},
month = {12},
pages = {},
title = {Industrial Applications of Image Processing},
volume = {64},
journal = {ACTA Universitatis Cibiniensis},
doi = {10.2478/aucts-2014-0004}
}

@article{cabral2015intelligent,
  title={An intelligent vision system for detecting defects in glass products for packaging and domestic use},
  author={Cabral, JDD and de Ara{\'u}jo, SA},
  journal={The International Journal of Advanced Manufacturing Technology},
  volume={77},
  number={1-4},
  pages={485--494},
  year={2015},
  publisher={Springer}
}


%Deep learning defect
@inproceedings{lien2018product,
  title={Product surface defect detection based on deep learning},
  author={Lien, PC and Zhao, Q},
  booktitle={2018 IEEE 16th Intl Conf on Dependable, Autonomic and Secure Computing, 16th Intl Conf on Pervasive Intelligence and Computing, 4th Intl Conf on Big Data Intelligence and Computing and Cyber Science and Technology Congress (DASC/PiCom/DataCom/CyberSciTech)},
  pages={250--255},
  year={2018},
  organization={IEEE}
}

%Roboflow news
@misc{roboflow_news, title={Roboflow raises \$2.1M for its end-to-end computer vision platform | TechCrunch}, url={https://techcrunch.com/2021/01/12/roboflow-raises-2-1m-for-its-end-to-end-computer-vision-platform/}, journal={TechCrunch}, author={Lardinois, F}, year={2021}, note = "[Accessed 28th April 2021]"}

%Roboflow
@misc{roboflow,
  title={Roboflow: Everything you need to start building computer vision into your applications}, 
  url={https://roboflow.com/},
  note = "[Accessed 28th April 2021]"
} 

%MTurk
@misc{mturk,
  title={Amazon Mechanical Turk}, 
  url={https://www.mturk.com/},
  note = "[Accessed 28th April 2021]"
} 




%Bump check
@article{schaut2017enhancing,
  title={Enhancing patient safety through the use of a pharmaceutical glass designed to prevent cracked containers},
  author={Schaut, RA and Hoff, KC and Demartino, SE and Denson, WK and Verkleeren, RL},
  journal={PDA journal of pharmaceutical science and technology},
  volume={71},
  number={6},
  pages={511--528},
  year={2017},
  publisher={Parenteral Drug Association (PDA)}
}


% Collision detection (trajectory)
@article{lai2011airborne,
  title={Airborne vision-based collision-detection system},
  author={Lai, J and Mejias, L and Ford, JJ},
  journal={Journal of Field Robotics},
  volume={28},
  number={2},
  pages={137--157},
  year={2011},
  publisher={Wiley Online Library}
}

@article{veeraraghavan2003computer,
  title={Computer vision algorithms for intersection monitoring},
  author={Veeraraghavan, H and Masoud, O and Papanikolopoulos, NP},
  journal={IEEE Transactions on Intelligent Transportation Systems},
  volume={4},
  number={2},
  pages={78--89},
  year={2003},
  publisher={IEEE}
}



%ACCELERATION collision
@inproceedings{speleers2019acceleration,
  title={Acceleration based collision detection with a mobile robot},
  author={Speleers, P and Ebner, M},
  booktitle={2019 Third IEEE International Conference on Robotic Computing (IRC)},
  pages={437--438},
  year={2019},
  organization={IEEE}
}


%VORONOI
@article{duyckaerts2000voronoi,
  title={Voronoi tessellation to study the numerical density and the spatial distribution of neurones},
  author={Duyckaerts, C and Godefroy, G},
  journal={Journal of chemical neuroanatomy},
  volume={20},
  number={1},
  pages={83--92},
  year={2000},
  publisher={Elsevier}
}


% Human falll
@inproceedings{rougier2007fall,
  title={Fall detection from human shape and motion history using video surveillance},
  author={Rougier, C and Meunier, J and St-Arnaud, A and Rousseau, J},
  booktitle={21st International Conference on Advanced Information Networking and Applications Workshops (AINAW'07)},
  volume={2},
  pages={875--880},
  year={2007},
  organization={IEEE}
}


%Density
@article{abbas2013real,
  title={Real time traffic density count using image processing},
  author={Abbas, N and Tayyab, M and Qadri, MT},
  journal={International Journal of Computer Applications},
  volume={83},
  number={9},
  pages={16--19},
  year={2013},
  publisher={Foundation of Computer Science}
}

@inproceedings{velastin1994automated,
  title={Automated measurement of crowd density and motion using image processing},
  author={Velastin, SA and Yin, JH and Davies, AC and Vicencio-Silva, MA and Allsop, RE and Penn, A},
  booktitle={Seventh International Conference on Road Traffic Monitoring and Control, 1994.},
  pages={127--132},
  year={1994},
  organization={IET}
}


%Focal Length
@techreport{neale2011photogrammetric,
  title={Photogrammetric measurement error associated with lens distortion},
  author={Neale, WT and Hessel, D and Terpstra, T},
  year={2011},
  institution={SAE Technical Paper}
}

%Frame rate, camera tech
@article{liu2013intelligent,
  title={Intelligent video systems and analytics: A survey},
  author={Liu, H and Chen, S and Kubota, N},
  journal={IEEE Transactions on Industrial Informatics},
  volume={9},
  number={3},
  pages={1222--1233},
  year={2013},
  publisher={IEEE}
}

%Annotation
@article{hanbury2008survey,
  title={A survey of methods for image annotation},
  author={Hanbury, A},
  journal={Journal of Visual Languages \& Computing},
  volume={19},
  number={5},
  pages={617--627},
  year={2008},
  publisher={Elsevier}
}

%Augmentation
@article{shorten2019survey,
  title={A survey on image data augmentation for deep learning},
  author={Shorten, C and Khoshgoftaar, TM},
  journal={Journal of Big Data},
  volume={6},
  number={1},
  pages={1--48},
  year={2019},
  publisher={Springer}
}

%Blender
@article{sieczka2020blender,
  title={Blender as a tool for generating synthetic data},
  author={Sieczka, R and Pa{\'n}czyk, M},
  journal={Journal of Computer Sciences Institute},
  volume={16},
  pages={227--232},
  year={2020}
}

%Unity
@inproceedings{tremblay2018training,
  title={Training deep networks with synthetic data: Bridging the reality gap by domain randomization},
  author={Tremblay, J and Prakash, A and Acuna, D and Brophy, M and Jampani, V and Anil, C and To, T and Cameracci, E and Boochoon, S and Birchfield, S},
  booktitle={Proceedings of the IEEE Conference on Computer Vision and Pattern Recognition Workshops},
  pages={969--977},
  year={2018}
}
@article{wang2021pixel,
  title={Pixel-wise crowd understanding via synthetic data},
  author={Wang, Q and Gao, J and Lin, W and Yuan, Y},
  journal={International Journal of Computer Vision},
  volume={129},
  number={1},
  pages={225--245},
  year={2021},
  publisher={Springer}
}

%Unreal
@inproceedings{qiu2016unrealcv,
  title={Unrealcv: Connecting computer vision to unreal engine},
  author={Qiu, W and Yuille, A},
  booktitle={European Conference on Computer Vision},
  pages={909--916},
  year={2016},
  organization={Springer}
}

@inproceedings{wang2019learning,
  title={Learning from synthetic data for crowd counting in the wild},
  author={Wang, Q and Gao, J and Lin, W and Yuan, Y},
  booktitle={Proceedings of the IEEE/CVF Conference on Computer Vision and Pattern Recognition},
  pages={8198--8207},
  year={2019}
}

%ISAAC
@misc{isaac,
  title={NVIDIA Isaac Sim | NVIDIA Developer},
  url={https://developer.nvidia.com/isaac-sim},
  note = "[Accessed 28th April 2021]"
}

%CLARA
@misc{clara,
  title={NVIDIA Clara | NVIDIA Developer},
  url={https://developer.nvidia.com/clara},
  note = "[Accessed 28th April 2021]"
}

%DRIVE
@misc{drive,
  title={NVIDIA DRIVE - Autonomous Vehicle Development Platforms | NVIDIA Developer},
  url={https://developer.nvidia.com/drive},
  note = "[Accessed 28th April 2021]"
}

%Colour
@article{hamuda2017automatic,
  title={Automatic crop detection under field conditions using the HSV colour space and morphological operations},
  author={Hamuda, E and Mc Ginley, B and Glavin, M and Jones, E},
  journal={Computers and electronics in agriculture},
  volume={133},
  pages={97--107},
  year={2017},
  publisher={Elsevier}
}

%Hough detection
@book{leavers1992shape,
  title={Shape detection in computer vision using the Hough transform},
  author={Leavers, VF},
  volume={1},
  year={1992},
  publisher={Springer}
}

%Template matching
@inproceedings{briechle2001template,
  title={Template matching using fast normalized cross correlation},
  author={Briechle, K and Hanebeck, UD},
  booktitle={Optical Pattern Recognition XII},
  volume={4387},
  pages={95--102},
  year={2001},
  organization={International Society for Optics and Photonics}
}

% Weaknesses of traditional
@inproceedings{o2019deep,
  title={Deep learning vs. traditional computer vision},
  author={O‚ÄôMahony, N and Campbell, S and Carvalho, A and Harapanahalli, S and Hernandez, GV and Krpalkova, L and Riordan, D and Walsh, J},
  booktitle={Science and Information Conference},
  pages={128--144},
  year={2019},
  organization={Springer}
}

%Faster RCNN
@article{ren2015faster,
  title={Faster r-cnn: Towards real-time object detection with region proposal networks},
  author={Ren, S and He, K and Girshick, R and Sun, J},
  journal={arXiv preprint arXiv:1506.01497},
  year={2015}
}

%YOLO
@inproceedings{redmon2016you,
  title={You only look once: Unified, real-time object detection},
  author={Redmon, J and Divvala, S and Girshick, R and Farhadi, A},
  booktitle={Proceedings of the IEEE conference on computer vision and pattern recognition},
  pages={779--788},
  year={2016}
}

%Scaled Yolov4
@misc{wang2021scaledyolov4,
      title={Scaled-YOLOv4: Scaling Cross Stage Partial Network}, 
      author={Wang, C and Bochkovskiy, A and Liao, HM},
      year={2021},
      eprint={2011.08036},
      archivePrefix={arXiv},
      primaryClass={cs.CV}
}

%6DOF
@inproceedings{pavlakos20176,
  title={6-dof object pose from semantic keypoints},
  author={Pavlakos, G and Zhou, X and Chan, A and Derpanis, KG and Daniilidis, K},
  booktitle={2017 IEEE international conference on robotics and automation (ICRA)},
  pages={2011--2018},
  year={2017},
  organization={IEEE}
}

%Transparent
@inproceedings{lai2015transparent,
  title={Transparent object detection using regions with convolutional neural network},
  author={Lai, P and Fuh, C},
  booktitle={IPPR Conference on Computer Vision, Graphics, and Image Processing},
  volume={2},
  year={2015}
}

@inproceedings{khaing2018transparent,
  title={Transparent object detection using convolutional neural network},
  author={Khaing, MP and Masayuki, M},
  booktitle={International Conference on Big Data Analysis and Deep Learning Applications},
  pages={86--93},
  year={2018},
  organization={Springer}
}

%SORT
@inproceedings{bewley2016simple,
  title={Simple online and realtime tracking},
  author={Bewley, A and Ge, Z and Ott, L and Ramos, F and Upcroft, B},
  booktitle={2016 IEEE international conference on image processing (ICIP)},
  pages={3464--3468},
  year={2016},
  organization={IEEE}
}

%IOU
@inproceedings{bochinski2017high,
  title={High-speed tracking-by-detection without using image information},
  author={Bochinski, E and Eiselein, V and Sikora, T},
  booktitle={2017 14th IEEE International Conference on Advanced Video and Signal Based Surveillance (AVSS)},
  pages={1--6},
  year={2017},
  organization={IEEE}
}

%Centroid tracking
@inproceedings{nascimento1999algorithm,
  title={An algorithm for centroid-based tracking of moving objects},
  author={Nascimento, JC and Abrantes, AJ and Marques, JS},
  booktitle={1999 IEEE International Conference on Acoustics, Speech, and Signal Processing. Proceedings. ICASSP99},
  volume={6},
  pages={3305--3308},
  year={1999},
  organization={IEEE Computer Society}
}

%Deep sort
@inproceedings{wojke2017simple,
  title={Simple online and realtime tracking with a deep association metric},
  author={Wojke, N and Bewley, A and Paulus, D},
  booktitle={2017 IEEE international conference on image processing (ICIP)},
  pages={3645--3649},
  year={2017},
  organization={IEEE}
}

%Motion modelling
@inproceedings{sun2020simultaneous,
  title={Simultaneous Detection and Tracking with Motion Modelling for Multiple Object Tracking},
  author={Sun, S and Akhtar, N and Song, X and Song, H and Mian, A and Shah, M},
  booktitle={European Conference on Computer Vision},
  pages={626--643},
  year={2020},
  organization={Springer}
}


%Python
@misc{python,
  title={Welcome to python.org}, 
  url={https://www.python.org/},
  note = "[Accessed 28th April 2021]"
} 


%Ubuntu
@misc{ubuntu,
  title={Enterprise Open Source and Linux | Ubuntu}, 
  url={https://ubuntu.com/},
  note = "[Accessed 28th April 2021]"
} 

%OpenCV
@misc{opencv,
  title={OpenCV}, 
  url={https://opencv.org/},
  note = "[Accessed 28th April 2021]"
} 

%Numpy
@misc{numpy,
  title={NumPy}, 
  url={https://numpy.org/} ,
  note = "[Accessed 28th April 2021]"
} 

%Unity
@misc{unity,
  title={Unity Real-Time Development Platform | 3D, 2D VR \& AR Engine}, 
  url={https://unity.com/} ,
  note = "[Accessed 28th April 2021]"
} 

%Physx
@misc{physx,
  title={GameWorks PhysX Overview | NVIDIA Developer}, 
  url={https://developer.nvidia.com/gameworks-physx-overview} ,
  note = "[Accessed 28th April 2021]"
} 


%Poisson Disk Sampling
@article{bridson2007fast,
  title={Fast Poisson disk sampling in arbitrary dimensions.},
  author={Bridson, R},
  journal={SIGGRAPH sketches},
  volume={10},
  pages={1},
  year={2007}
}

%Reservoir sampling
@article{vitter1985random,
  title={Random sampling with a reservoir},
  author={Vitter, JS},
  journal={ACM Transactions on Mathematical Software (TOMS)},
  volume={11},
  number={1},
  pages={37--57},
  year={1985},
  publisher={ACM New York, NY, USA}
}

%Canny 
@article{canny1986computational,
  title={A computational approach to edge detection},
  author={Canny, J},
  journal={IEEE Transactions on pattern analysis and machine intelligence},
  number={6},
  pages={679--698},
  year={1986},
  publisher={Ieee}
}


%Tracker
@misc{multiobjtracker_amd2018,
  author = {Deshpande, AM},
  title = {Multi-object trackers in Python},
  year = {2020},
  publisher = {GitHub},
  journal = {GitHub repository},
  url = {https://github.com/adipandas/multi-object-tracker},
  note = "[Accessed 28th April 2021]"
}



% VOC
@article{everingham2010pascal,
  title={The pascal visual object classes (voc) challenge},
  author={Everingham, M and Van Gool, L and Williams, CKI and Winn, J and Zisserman, A},
  journal={International journal of computer vision},
  volume={88},
  number={2},
  pages={303--338},
  year={2010},
  publisher={Springer}
}